<collection xmlns="http://www.loc.gov/MARC21/slim">
<record>
  <leader>00867nam0a2200205 i 450 </leader>
  <controlfield tag="001">IT\ICCU\CNCE\075380</controlfield>
  <controlfield tag="005">20121116000000.0</controlfield>
  <datafield tag="012" ind1=" " ind2=" ">
    <subfield code="a">o.to e.de deme ioo: (C) 1588 (A)</subfield>
    <subfield code="2">fei</subfield>
  </datafield>
  <datafield tag="100" ind1=" " ind2=" ">
    <subfield code="a">20100831d1588        0itac0103    ba</subfield>
  </datafield>
  <datafield tag="101" ind1=" " ind2=" ">
    <subfield code="a">ITA</subfield>
  </datafield>
  <datafield tag="102" ind1=" " ind2=" ">
    <subfield code="a">IT</subfield>
  </datafield>
  <datafield tag="200" ind1="1" ind2=" ">
    <subfield code="a">Canzone nelle nozze del molto illustre signor conte Vicenzo Capra, et della illustre signora Lucilla Milani. Del sig. Strozzi Cicogna</subfield>
  </datafield>
  <datafield tag="210" ind1=" " ind2=" ">
    <subfield code="a">In Vicenza</subfield>
    <subfield code="c">appresso gli heredi di Perin libraro</subfield>
    <subfield code="d">&amp; Thomaso Brunello compagni</subfield>
    <subfield code="d">1588</subfield>
  </datafield>
  <datafield tag="215" ind1=" " ind2=" ">
    <subfield code="a">\4! c.</subfield>
    <subfield code="d">4ʻ</subfield>
  </datafield>
  <datafield tag="620" ind1=" " ind2=" ">
    <subfield code="a">IT</subfield>
    <subfield code="d">Vicenza</subfield>
  </datafield>
  <datafield tag="700" ind1=" " ind2="1">
    <subfield code="a">Cicogna,</subfield>
    <subfield code="b">Strozzi</subfield>
    <subfield code="3">IT\ICCU\CNCA\003302</subfield>
  </datafield>
  <datafield tag="712" ind1="0" ind2="0">
    <subfield code="a">Perin - eredi &amp; Brunelli, Tommaso</subfield>
    <subfield code="3">IT\ICCU\CNCT\001288</subfield>
    <subfield code="4">650</subfield>
  </datafield>
  <datafield tag="791" ind1="0" ind2="0">
    <subfield code="a">Brunelli, Tommaso</subfield>
    <subfield code="3">IT\ICCU\CNCT\001243</subfield>
    <subfield code="z">Perin - eredi &amp; Brunelli, Tommaso</subfield>
  </datafield>
  <datafield tag="801" ind1=" " ind2="3">
    <subfield code="a">IT</subfield>
    <subfield code="b">ICCU</subfield>
    <subfield code="c">20201115</subfield>
  </datafield>
  <datafield tag="899" ind1=" " ind2=" ">
    <subfield code="a">Biblioteca civica Aprosiana. Ventimiglia</subfield>
    <subfield code="1">IM0038</subfield>
    <subfield code="2">LI3 VM</subfield>
  </datafield>
</record>
</collection>
